%%%%%%%%%%%%%%%%%%%%%%%%%%%%%%%%%%%%%%%%%%%%%%%%%%%%%%%%%%%%%%%%%%%%%%%%%%%%%%%
%%%%%%%%%%%%%%%%%%%%%% BOOKS
%%%%%%%%%%%%%%%%%%%%%%%%%%%%%%%%%%%%%%%%%%%%%%%%%%%%%%%%%%%%%%%%%%%%%%%%%%%%%%%

@book{schwaber:agile-pm-scrum,
    author  = {Ken Schwaber},
    title   = {Agile Project Management with Scrum (Developer Best Practices)},
    publisher = {Microsoft Press},
    year    = {2004}
}

@book{rubin:essential-scrum,
    author  = {Kenneth S. Rubin},
    title   = {Essential Scrum: A Practical Guide to the Most Popular Agile Process},
    publisher = {Addison-Wesley Professional},
    year    = {2012}
}

@book{cohn:user-stories,
    author  = {Mike Cohn},
    title   = {User Stories Applied: For Agile Software Development},
    publisher = {Addison-Wesley Professional},
    year    = {2004}
}

@book{pichler:agile-pm-scrum,
    author  = {Roman Pichler},
    title   = {Agile Product Management with Scrum: Creating Products that
               Customers Love},
    publisher = {Addison-Wesley Professional},
    year    = {2010}
}

@book{freeman:pro-angular-js,
    author  = {Adam Freeman},
    title   = {Pro AngularJS (Expert's Voice in Web Development)},
    publisher = {Apress},
    year    = {2014}
}

@book{lerner:ng-book,
    author  = {Ari Lerner},
    title   = {ng-book: The Complete Book on AngularJS},
    publisher = {Lightning Source Inc},
    year    = {2010}
}

@book{seshadri:angular-up-and-running,
    author  = {Shyam Seshadri, Brad Green},
    title   = {AngularJS: Up and Running - Enhanced Productivity with Structured Web Apps},
    publisher = {O'Reilly Media},
    year    = {2014}
}

@book{shenoy-learning-bootstrap,
    author  = {Aravind Shenoy, Ulrich Sossou},
    title   = {Learning Bootstrap - Modern, Elegant and Responsive Web Design Made Easy},
    publisher = {Packt Publishing},
    year    = {2014}
}

@book{gof-design-patterns,
    author  = {Erich Gamma, Richard Helm, Ralph Johnson and John Vlissides},
    title   = {Design Patterns: Elements of Reusable Object-Oriented Software},
    publisher = {Addison-Wesley Professional},
    year    = {1998}
}

%%%%%%%%%%%%%%%%%%%%%%%%%%%%%%%%%%%%%%%%%%%%%%%%%%%%%%%%%%%%%%%%%%%%%%%%%%%%%%%
%%%%%%%%%%%%%%%%%%%%%% SITES
%%%%%%%%%%%%%%%%%%%%%%%%%%%%%%%%%%%%%%%%%%%%%%%%%%%%%%%%%%%%%%%%%%%%%%%%%%%%%%%

@online{site:agile-manifesto,
    title   = {Manifesto Agile},
    url     = {http://agilemanifesto.org/iso/it/}
}

@online{site:mountain-goat,
    title   = {Mountain Goat Software},
    url     = {https://www.mountaingoatsoftware.com/}
}

@online{site:data-manager,
    title   = {Data Manager Online},
    url     = {http://www.datamanager.it/}
}

@online{site:ron-jeffries,
    title   = {Ron Jeffries (blog)},
    url     = {http://ronjeffries.com/}
}

@online{site:scrum-guide,
    title   = {Scrum Guide},
    url     = {http://www.scrumguides.org/scrum-guide.html}
}

@online{site:smi-site,
    title   = {Sanmarco Informatica},
    url     = {http://www.sanmarcoinformatica.it/home.html}
}

@online{site:powerj-site,
    title   = {PowerJ},
    url     = {http://www.powerj.it/}
}

@online{site:open-power-foundation,
    title   = {OpenPOWER},
    url     = {http://openpowerfoundation.org/}
}

@online{site:jgalileo-site,
    title   = {Jgalileo},
    url     = {http://www.jgalileo.com/}
}

@online{site:4words-site,
    title   = {4words},
    url     = {http://www.4words.it/en/}
}

@online{site:scrum-methodologies,
    title   = {Scrum Methodology},
    url     = {http://scrummethodology.com/}
}

@online{site:angular-google-chart,
    title   = {\texttt{angular-google-chart}},
    url     = {https://github.com/angular-google-chart/angular-google-chart}
}

@online{site:font-awesome-icons,
    title   = {Font Awesome Icons},
    url     = {https://fortawesome.github.io/Font-Awesome/}
}

@online{site:google-chart-api,
    title   = {Google Chart API},
    url     = {https://developers.google.com/chart/?hl=it}
}

@online{site:guida-galattica,
    title   = {Guida Galattica per agilisti},
    url     = {http://www.guidagalatticaperagilisti.com/}
}

@online{site:swe-a,
    title   = {Ingegneria del Software -- Modulo A},
    url     = {http://www.math.unipd.it/~tullio/IS-1/2014/}
}

@online{site:swe-b,
    title   = {Ingegneria del Software -- Modulo B},
    url     = {http://www.math.unipd.it/~rcardin/sweb.html}
}

@online{site:telegram-bots,
    title   = {Telegram Bots},
    url     = {https://core.telegram.org/bots}
}

@online{site:telegram,
    title   = {Telegram},
    url     = {https://telegram.org/}
}

@online{site:angularjs,
    title   = {AngularJS},
    url     = {https://angularjs.org/}
}

@online{site:todc,
    title   = {TODC Bootstrap},
    url     = {https://todc.github.io/todc-bootstrap/}
}

@online{site:wikipedia,
    title   = {Wikipedia},
    url     = {https://en.wikipedia.org/wiki/Main_Page}
}

@online{site:stackoverflow,
    title   = {Stack Overflow},
    url     = {http://stackoverflow.com/}
}

@online{site:google-java-style,
    title   = {Google Java Style Guide},
    url     = {https://google.github.io/styleguide/javaguide.html}
}

@online{site:google-javascript-style,
    title   = {Google Javascript Style Guide},
    url     = {https://google.github.io/styleguide/javascriptguide.xml}
}

@online{site:google-gson,
    title   = {Google Gson},
    url     = {https://github.com/google/gson}
}

@online{site:design-patterns,
    title   = {Design Patterns: Elements of Reusable Object-Oriented Software},
    url     = {http://www.uml.org.cn/c++/pdf/DesignPatterns.pdf}
}

@online{site:angularjs-services,
    title   = {Services (Part 6 of AngularJS from beginner to expert in 7 steps series)},
    url     = {http://www.ng-newsletter.com/posts/beginner2expert-services.html}
}

@online{site:capt-debug-telescoping,
    title   = {The Telescoping Constructor (Anti)Pattern},
    url     = {http://www.captaindebug.com/2011/05/telescoping-constructor-antipattern.html#.VfGMkGxStBc}
}
